@ARTICLE{lockatorVAK,
  author = {Андрианов П.С. and Мутилин В.С. and Хорошилов А.В.},
  addendum = {(0,28~п.~л.)},
  title = {Метод легковесного статического анализа для поиска состояний гонок},
  journal = {Труды Института системного программирования РАН},
  year = {2015},
  volume = {5},
  number = {27},
  pages = {87--116},
  language = {russian},
}

@ARTICLE{lockatorVAK2,
  author = {Андрианов П.С. and Мутилин В.С. and Хорошилов А.В.},
  addendum = {(0,33~п.~л.~/ 0,28~п.~л.)},
  title = {Конфигурируемый метод поиска состояний гонок в операционных системах с использованием предикатных абстракций},
  journal = {Труды Института системного программирования РАН},
  year = {2016},
  volume = {6},
  number = {28},
  pages = {65--86},
  language = {russian},
}
