@inproceedings{lockatorSyrcose,
  author = {Andrianov P.S. and Mutilin V.S. and Khoroshilov A.V.},
  title = {An approach to lightweight static data race detection},
  booktitle = {Proceedings of the Spring/Summer Young Researchers' Colloquium on Software Engineering},
  pages = {27--33},
  year = {2014},
  language = {english},
}

@inproceedings{lockatorTMPA,
  author = {Andrianov P.S. and Mutilin V.S. and Khoroshilov A.V.},
  title = {Lightweight Static Analysis for Data Race Detection in Operating System Kernel},
  booktitle = {Proceedings of the international conference "Tools and Methods of Programs Analysis"},
  pages = {128--135},
  year = {2014},
  language = {english},
}
