@inproceedings{Vafeiadis:2010,
 author = {Vafeiadis, Viktor},
 title = {Automatically Proving Linearizability},
 booktitle = {Proceedings of the 22Nd International Conference on Computer Aided Verification},
 series = {CAV'10},
 year = {2010},
 isbn = {3-642-14294-X, 978-3-642-14294-9},
 location = {Edinburgh, UK},
 pages = {450--464},
 numpages = {15},
 url = {http://dx.doi.org/10.1007/978-3-642-14295-6_40},
 doi = {10.1007/978-3-642-14295-6_40},
 acmid = {2144361},
 publisher = {Springer-Verlag},
 address = {Berlin, Heidelberg}
}

@inproceedings{Fonseca:2011,
 author = {Fonseca, Pedro and Li, Cheng and Rodrigues, Rodrigo},
 title = {Finding Complex Concurrency Bugs in Large Multi-threaded Applications},
 booktitle = {Proceedings of the Sixth Conference on Computer Systems},
 series = {EuroSys '11},
 year = {2011},
 isbn = {978-1-4503-0634-8},
 location = {Salzburg, Austria},
 pages = {215--228},
 numpages = {14},
 url = {http://doi.acm.org/10.1145/1966445.1966465},
 doi = {10.1145/1966445.1966465},
 acmid = {1966465},
 publisher = {ACM},
 address = {New York, NY, USA},
 keywords = {concurrency bugs, latent bugs, linearizability, semantic bugs}
}

@INPROCEEDINGS{Fonseca:2010, 
author={P. Fonseca and Cheng Li and V. Singhal and R. Rodrigues}, 
booktitle={2010 IEEE/IFIP International Conference on Dependable Systems Networks (DSN)}, 
title={A study of the internal and external effects of concurrency bugs}, 
year={2010}, 
volume={}, 
number={}, 
pages={221-230}, 
keywords={SQL;multiprocessing programs;parallel programming;program debugging;MySQL;concurrency bug;concurrent programming;data structure;database server;error prone task;multicore era;Computer bugs;Concurrent computing;Fault detection;Interleaved codes;Manufacturing processes;Performance gain;Programming profession;Software performance;Software systems;Yarn}, 
doi={10.1109/DSN.2010.5544315}, 
ISSN={1530-0889}, 
month={June}
}

@inproceedings{DataCollider,
author = {Erickson, John and Musuvathi, Madan and Burckhardt, Sebastian and Olynyk, Kirk},
title = {Effective Data-Race Detection for the Kernel},
booktitle = {Operating System Design and Implementation (OSDI'10)},
year = {2010},
month = {October},
publisher = {USENIX},
url = {https://www.microsoft.com/en-us/research/publication/effective-data-race-detection-for-the-kernel/},
address = {},
pages = {},
journal = {},
volume = {},
chapter = {},
isbn = {},
}

@inproceedings{Park:2009:ASPLOS,
 author = {Park, Soyeon and Lu, Shan and Zhou, Yuanyuan},
 title = {CTrigger: Exposing Atomicity Violation Bugs from Their Hiding Places},
 booktitle = {Proceedings of the 14th International Conference on Architectural Support for Programming Languages and Operating Systems},
 series = {ASPLOS XIV},
 year = {2009},
 isbn = {978-1-60558-406-5},
 location = {Washington, DC, USA},
 pages = {25--36},
 numpages = {12},
 url = {http://doi.acm.org/10.1145/1508244.1508249},
 doi = {10.1145/1508244.1508249},
 acmid = {1508249},
 publisher = {ACM},
 address = {New York, NY, USA},
 keywords = {concurrency bug, software testing}
} 

@article{Park:2009:SIGARCH,
 author = {Park, Soyeon and Lu, Shan and Zhou, Yuanyuan},
 title = {CTrigger: Exposing Atomicity Violation Bugs from Their Hiding Places},
 journal = {SIGARCH Comput. Archit. News},
 issue_date = {March 2009},
 volume = {37},
 number = {1},
 month = {mar},
 year = {2009},
 issn = {0163-5964},
 pages = {25--36},
 numpages = {12},
 url = {http://doi.acm.org/10.1145/2528521.1508249},
 doi = {10.1145/2528521.1508249},
 acmid = {1508249},
 publisher = {ACM},
 address = {New York, NY, USA},
 keywords = {concurrency bug, software testing}
} 

@article{Park:2009,
 author = {Park, Soyeon and Lu, Shan and Zhou, Yuanyuan},
 title = {CTrigger: Exposing Atomicity Violation Bugs from Their Hiding Places},
 journal = {SIGPLAN Not.},
 issue_date = {March 2009},
 volume = {44},
 number = {3},
 month = {mar},
 year = {2009},
 issn = {0362-1340},
 pages = {25--36},
 numpages = {12},
 url = {http://doi.acm.org/10.1145/1508284.1508249},
 doi = {10.1145/1508284.1508249},
 acmid = {1508249},
 publisher = {ACM},
 address = {New York, NY, USA},
 keywords = {concurrency bug, software testing}
}

@inproceedings{Serebryany:2011,
 author = {Serebryany, Konstantin and Potapenko, Alexander and Iskhodzhanov, Timur and Vyukov, Dmitriy},
 title = {Dynamic Race Detection with LLVM Compiler},
 booktitle = {Proceedings of the Second International Conference on Runtime Verification},
 series = {RV'11},
 year = {2012},
 isbn = {978-3-642-29859-2},
 location = {San Francisco, CA},
 pages = {110--114},
 numpages = {5},
 url = {http://dx.doi.org/10.1007/978-3-642-29860-8_9},
 doi = {10.1007/978-3-642-29860-8_9},
 acmid = {2341628},
 publisher = {Springer-Verlag},
 address = {Berlin, Heidelberg}
}

@inproceedings{Bond:2010:PLDI,
 author = {Bond, Michael D. and Coons, Katherine E. and McKinley, Kathryn S.},
 title = {PACER: Proportional Detection of Data Races},
 booktitle = {Proceedings of the 31st ACM SIGPLAN Conference on Programming Language Design and Implementation},
 series = {PLDI '10},
 year = {2010},
 isbn = {978-1-4503-0019-3},
 location = {Toronto, Ontario, Canada},
 pages = {255--268},
 numpages = {14},
 url = {http://doi.acm.org/10.1145/1806596.1806626},
 doi = {10.1145/1806596.1806626},
 acmid = {1806626},
 publisher = {ACM},
 address = {New York, NY, USA},
 keywords = {bugs, concurrency, data races, sampling}
} 

@article{Bond:2010,
 author = {Bond, Michael D. and Coons, Katherine E. and McKinley, Kathryn S.},
 title = {PACER: Proportional Detection of Data Races},
 journal = {SIGPLAN Not.},
 issue_date = {June 2010},
 volume = {45},
 number = {6},
 month = {jun},
 year = {2010},
 issn = {0362-1340},
 pages = {255--268},
 numpages = {14},
 url = {http://doi.acm.org/10.1145/1809028.1806626},
 doi = {10.1145/1809028.1806626},
 acmid = {1806626},
 publisher = {ACM},
 address = {New York, NY, USA},
 keywords = {bugs, concurrency, data races, sampling}
}

@article{Marino:2009,
 author = {Marino, Daniel and Musuvathi, Madanlal and Narayanasamy, Satish},
 title = {LiteRace: Effective Sampling for Lightweight Data-race Detection},
 journal = {SIGPLAN Not.},
 issue_date = {June 2009},
 volume = {44},
 number = {6},
 month = {jun},
 year = {2009},
 issn = {0362-1340},
 pages = {134--143},
 numpages = {10},
 url = {http://doi.acm.org/10.1145/1543135.1542491},
 doi = {10.1145/1543135.1542491},
 acmid = {1542491},
 publisher = {ACM},
 address = {New York, NY, USA},
 keywords = {concurrency bugs, dynamic data race detection, sampling}
} 

@inproceedings{Marino:2009:PLDI,
 author = {Marino, Daniel and Musuvathi, Madanlal and Narayanasamy, Satish},
 title = {LiteRace: Effective Sampling for Lightweight Data-race Detection},
 booktitle = {Proceedings of the 30th ACM SIGPLAN Conference on Programming Language Design and Implementation},
 series = {PLDI '09},
 year = {2009},
 isbn = {978-1-60558-392-1},
 location = {Dublin, Ireland},
 pages = {134--143},
 numpages = {10},
 url = {http://doi.acm.org/10.1145/1542476.1542491},
 doi = {10.1145/1542476.1542491},
 acmid = {1542491},
 publisher = {ACM},
 address = {New York, NY, USA},
 keywords = {concurrency bugs, dynamic data race detection, sampling}
}

@inproceedings{Sadowski:2009,
 author = {Sadowski, Caitlin and Freund, Stephen N. and Flanagan, Cormac},
 title = {SingleTrack: A Dynamic Determinism Checker for Multithreaded Programs},
 booktitle = {Proceedings of the 18th European Symposium on Programming Languages and Systems: Held As Part of the Joint European Conferences on Theory and Practice of Software, ETAPS 2009},
 series = {ESOP '09},
 year = {2009},
 isbn = {978-3-642-00589-3},
 location = {York, UK},
 pages = {394--409},
 numpages = {16},
 url = {http://dx.doi.org/10.1007/978-3-642-00590-9_28},
 doi = {10.1007/978-3-642-00590-9_28},
 acmid = {1533012},
 publisher = {Springer-Verlag},
 address = {Berlin, Heidelberg}
}

@inproceedings{Flanagan:2009:PLDI,
 author = {Flanagan, Cormac and Freund, Stephen N.},
 title = {FastTrack: Efficient and Precise Dynamic Race Detection},
 booktitle = {Proceedings of the 30th ACM SIGPLAN Conference on Programming Language Design and Implementation},
 series = {PLDI '09},
 year = {2009},
 isbn = {978-1-60558-392-1},
 location = {Dublin, Ireland},
 pages = {121--133},
 numpages = {13},
 url = {http://doi.acm.org/10.1145/1542476.1542490},
 doi = {10.1145/1542476.1542490},
 acmid = {1542490},
 publisher = {ACM},
 address = {New York, NY, USA},
 keywords = {concurrency, dynamic analysis, race conditions}
} 

@article{Flanagan:2009,
 author = {Flanagan, Cormac and Freund, Stephen N.},
 title = {FastTrack: Efficient and Precise Dynamic Race Detection},
 journal = {SIGPLAN Not.},
 issue_date = {June 2009},
 volume = {44},
 number = {6},
 month = {jun},
 year = {2009},
 issn = {0362-1340},
 pages = {121--133},
 numpages = {13},
 url = {http://doi.acm.org/10.1145/1543135.1542490},
 doi = {10.1145/1543135.1542490},
 acmid = {1542490},
 publisher = {ACM},
 address = {New York, NY, USA},
 keywords = {concurrency, dynamic analysis, race conditions}
}

@inproceedings{Xiong:2010,
 author = {Xiong, Weiwei and Park, Soyeon and Zhang, Jiaqi and Zhou, Yuanyuan and Ma, Zhiqiang},
 title = {Ad Hoc Synchronization Considered Harmful},
 booktitle = {Proceedings of the 9th USENIX Conference on Operating Systems Design and Implementation},
 series = {OSDI'10},
 year = {2010},
 location = {Vancouver, BC, Canada},
 pages = {163--176},
 numpages = {14},
 url = {http://dl.acm.org/citation.cfm?id=1924943.1924955},
 acmid = {1924955},
 publisher = {USENIX Association},
 address = {Berkeley, CA, USA}
}

@inproceedings{Naik:2009,
 author = {Naik, Mayur and Park, Chang-Seo and Sen, Koushik and Gay, David},
 title = {Effective Static Deadlock Detection},
 booktitle = {Proceedings of the 31st International Conference on Software Engineering},
 series = {ICSE '09},
 year = {2009},
 isbn = {978-1-4244-3453-4},
 pages = {386--396},
 numpages = {11},
 url = {http://dx.doi.org/10.1109/ICSE.2009.5070538},
 doi = {10.1109/ICSE.2009.5070538},
 acmid = {1555052},
 publisher = {IEEE Computer Society},
 address = {Washington, DC, USA}
} 

@inproceedings{Kahlon:2009:SDR,
 author = {Kahlon, Vineet and Sinha, Nishant and Kruus, Erik and Zhang, Yun},
 title = {Static Data Race Detection for Concurrent Programs with Asynchronous Calls},
 booktitle = {Proceedings of the the 7th Joint Meeting of the European Software Engineering Conference and the ACM SIGSOFT Symposium on The Foundations of Software Engineering},
 series = {ESEC/FSE '09},
 year = {2009},
 isbn = {978-1-60558-001-2},
 location = {Amsterdam, The Netherlands},
 pages = {13--22},
 numpages = {10},
 url = {http://doi.acm.org/10.1145/1595696.1595701},
 doi = {10.1145/1595696.1595701},
 acmid = {1595701},
 publisher = {ACM},
 address = {New York, NY, USA},
 keywords = {asynchronous programs, bootstrapping, pointer analysis, static data race detection},
}

@inproceedings{Seidl:2009,
 author = {Seidl, Helmut and Vojdani, Vesal},
 title = {Region Analysis for Race Detection},
 booktitle = {Proceedings of the 16th International Symposium on Static Analysis},
 series = {SAS '09},
 year = {2009},
 isbn = {978-3-642-03236-3},
 location = {Los Angeles, CA},
 pages = {171--187},
 numpages = {17},
 url = {http://dx.doi.org/10.1007/978-3-642-03237-0_13},
 doi = {10.1007/978-3-642-03237-0_13},
 acmid = {1615456},
 publisher = {Springer-Verlag},
 address = {Berlin, Heidelberg}
} 

@article{Pratikakis:2011,
 author = {Pratikakis, Polyvios and Foster, Jeffrey S. and Hicks, Michael},
 title = {LOCKSMITH: Practical Static Race Detection for C},
 journal = {ACM Trans. Program. Lang. Syst.},
 issue_date = {January 2011},
 volume = {33},
 number = {1},
 month = {jan},
 year = {2011},
 issn = {0164-0925},
 pages = {3:1--3:55},
 articleno = {3},
 numpages = {55},
 url = {http://doi.acm.org/10.1145/1889997.1890000},
 doi = {10.1145/1889997.1890000},
 acmid = {1890000},
 publisher = {ACM},
 address = {New York, NY, USA},
 keywords = {Data race, Locksmith, context sensitivity, contextual effects, correlation inference, race detection, sharing analysis, static analysis}
}

@article{Yahav:2008,
 author = {Yahav, Eran and Sagiv, Mooly},
 title = {Verifying Safety Properties of Concurrent Heap-manipulating Programs},
 journal = {ACM Trans. Program. Lang. Syst.},
 issue_date = {May 2010},
 volume = {32},
 number = {5},
 month = {may},
 year = {2008},
 issn = {0164-0925},
 pages = {18:1--18:50},
 articleno = {18},
 numpages = {50},
 url = {http://doi.acm.org/10.1145/1745312.1745315},
 doi = {10.1145/1745312.1745315},
 acmid = {1745315},
 publisher = {ACM},
 address = {New York, NY, USA},
 keywords = {Abstract interpretation, Java, concurrency, safety properties, shape-analysis, verification}
}

@inproceedings{Leino:2009,
 author = {Leino, K. Rustan and M\"{u}ller, Peter},
 title = {A Basis for Verifying Multi-threaded Programs},
 booktitle = {Proceedings of the 18th European Symposium on Programming Languages and Systems: Held As Part of the Joint European Conferences on Theory and Practice of Software, ETAPS 2009},
 series = {ESOP '09},
 year = {2009},
 isbn = {978-3-642-00589-3},
 location = {York, UK},
 pages = {378--393},
 numpages = {16},
 url = {http://dx.doi.org/10.1007/978-3-642-00590-9_27},
 doi = {10.1007/978-3-642-00590-9_27},
 acmid = {1533011},
 publisher = {Springer-Verlag},
 address = {Berlin, Heidelberg}
}

@inproceedings{Ganty:2009:POPL,
 author = {Ganty, Pierre and Majumdar, Rupak and Rybalchenko, Andrey},
 title = {Verifying Liveness for Asynchronous Programs},
 booktitle = {Proceedings of the 36th Annual ACM SIGPLAN-SIGACT Symposium on Principles of Programming Languages},
 series = {POPL '09},
 year = {2009},
 isbn = {978-1-60558-379-2},
 location = {Savannah, GA, USA},
 pages = {102--113},
 numpages = {12},
 url = {http://doi.acm.org/10.1145/1480881.1480895},
 doi = {10.1145/1480881.1480895},
 acmid = {1480895},
 publisher = {ACM},
 address = {New York, NY, USA},
 keywords = {asynchronous (event-driven) programming, fair termination, liveness, petri nets}
} 

@article{Ganty:2009,
 author = {Ganty, Pierre and Majumdar, Rupak and Rybalchenko, Andrey},
 title = {Verifying Liveness for Asynchronous Programs},
 journal = {SIGPLAN Not.},
 issue_date = {January 2009},
 volume = {44},
 number = {1},
 month = {jan},
 year = {2009},
 issn = {0362-1340},
 pages = {102--113},
 numpages = {12},
 url = {http://doi.acm.org/10.1145/1594834.1480895},
 doi = {10.1145/1594834.1480895},
 acmid = {1480895},
 publisher = {ACM},
 address = {New York, NY, USA},
 keywords = {asynchronous (event-driven) programming, fair termination, liveness, petri nets}
}

@inproceedings{Zhang:2015:PLDI,
 author = {Zhang, Naling and Kusano, Markus and Wang, Chao},
 title = {Dynamic Partial Order Reduction for Relaxed Memory Models},
 booktitle = {Proceedings of the 36th ACM SIGPLAN Conference on Programming Language Design and Implementation},
 series = {PLDI '15},
 year = {2015},
 isbn = {978-1-4503-3468-6},
 location = {Portland, OR, USA},
 pages = {250--259},
 numpages = {10},
 url = {http://doi.acm.org/10.1145/2737924.2737956},
 doi = {10.1145/2737924.2737956},
 acmid = {2737956},
 publisher = {ACM},
 address = {New York, NY, USA},
 keywords = {DPOR, PSO, Stateless model checking, TSO, partial order reduction, relaxed memory model, runtime verification}
} 

@article{Zhang:2015,
 author = {Zhang, Naling and Kusano, Markus and Wang, Chao},
 title = {Dynamic Partial Order Reduction for Relaxed Memory Models},
 journal = {SIGPLAN Not.},
 issue_date = {June 2015},
 volume = {50},
 number = {6},
 month = {jun},
 year = {2015},
 issn = {0362-1340},
 pages = {250--259},
 numpages = {10},
 url = {http://doi.acm.org/10.1145/2813885.2737956},
 doi = {10.1145/2813885.2737956},
 acmid = {2737956},
 publisher = {ACM},
 address = {New York, NY, USA},
 keywords = {DPOR, PSO, Stateless model checking, TSO, partial order reduction, relaxed memory model, runtime verification}
}

@inproceedings{Abdulla:2014:POPL,
 author = {Abdulla, Parosh and Aronis, Stavros and Jonsson, Bengt and Sagonas, Konstantinos},
 title = {Optimal Dynamic Partial Order Reduction},
 booktitle = {Proceedings of the 41st ACM SIGPLAN-SIGACT Symposium on Principles of Programming Languages},
 series = {POPL '14},
 year = {2014},
 isbn = {978-1-4503-2544-8},
 location = {San Diego, California, USA},
 pages = {373--384},
 numpages = {12},
 url = {http://doi.acm.org/10.1145/2535838.2535845},
 doi = {10.1145/2535838.2535845},
 acmid = {2535845},
 publisher = {ACM},
 address = {New York, NY, USA},
 keywords = {concurrency, dynamic partial order reduction, software model checking, source sets, systematic testing, wakeup trees}
} 

@article{Abdulla:2014,
 author = {Abdulla, Parosh and Aronis, Stavros and Jonsson, Bengt and Sagonas, Konstantinos},
 title = {Optimal Dynamic Partial Order Reduction},
 journal = {SIGPLAN Not.},
 issue_date = {January 2014},
 volume = {49},
 number = {1},
 month = {jan},
 year = {2014},
 issn = {0362-1340},
 pages = {373--384},
 numpages = {12},
 url = {http://doi.acm.org/10.1145/2578855.2535845},
 doi = {10.1145/2578855.2535845},
 acmid = {2535845},
 publisher = {ACM},
 address = {New York, NY, USA},
 keywords = {concurrency, dynamic partial order reduction, software model checking, source sets, systematic testing, wakeup trees}
}

@inproceedings{Kahlon:2009,
 author = {Kahlon, Vineet and Wang, Chao and Gupta, Aarti},
 title = {Monotonic Partial Order Reduction: An Optimal Symbolic Partial Order Reduction Technique},
 booktitle = {Proceedings of the 21st International Conference on Computer Aided Verification},
 series = {CAV '09},
 year = {2009},
 isbn = {978-3-642-02657-7},
 location = {Grenoble, France},
 pages = {398--413},
 numpages = {16},
 url = {http://dx.doi.org/10.1007/978-3-642-02658-4_31},
 doi = {10.1007/978-3-642-02658-4_31},
 acmid = {1575094},
 publisher = {Springer-Verlag},
 address = {Berlin, Heidelberg},
}

@inproceedings{Burnim:2009,
 author = {Burnim, Jacob and Sen, Koushik},
 title = {Asserting and Checking Determinism for Multithreaded Programs},
 booktitle = {Proceedings of the the 7th Joint Meeting of the European Software Engineering Conference and the ACM SIGSOFT Symposium on The Foundations of Software Engineering},
 series = {ESEC/FSE '09},
 year = {2009},
 isbn = {978-1-60558-001-2},
 location = {Amsterdam, The Netherlands},
 pages = {3--12},
 numpages = {10},
 url = {http://doi.acm.org/10.1145/1595696.1595700},
 doi = {10.1145/1595696.1595700},
 acmid = {1595700},
 publisher = {ACM},
 address = {New York, NY, USA},
 keywords = {assertions, determinism, parallel programs}
}

@INPROCEEDINGS{VCC:2009, 
author={M. Dahlweid and M. Moskal and T. Santen and S. Tobies and W. Schulte}, 
booktitle={2009 31st International Conference on Software Engineering - Companion Volume}, 
title={VCC: Contract-based modular verification of concurrent C}, 
year={2009}, 
volume={}, 
number={}, 
pages={429-430}, 
keywords={C language;formal verification;program compilers;program debugging;software reliability;Microsoft Hyper-V;Microsoft visual studio;annotated C;contract-based modular verification;formal verification;log analyzer;modular sound verification methodology;real-world production code;system level software;system reliability;system-level C code;verification debugging;verified C compiler;Concurrent computing;Contracts;Data structures;Debugging;Formal verification;Production;Reliability;Software systems;Technological innovation;Yarn}, 
doi={10.1109/ICSE-COMPANION.2009.5071046}, 
ISSN={}, 
month={May}
}

@article{Cohen:2009,
 author = {Cohen, Ariel and Namjoshi, Kedar S.},
 title = {Local Proofs for Global Safety Properties},
 journal = {Form. Methods Syst. Des.},
 issue_date = {April     2009},
 volume = {34},
 number = {2},
 month = {apr},
 year = {2009},
 issn = {0925-9856},
 pages = {104--125},
 numpages = {22},
 url = {http://dx.doi.org/10.1007/s10703-008-0063-8},
 doi = {10.1007/s10703-008-0063-8},
 acmid = {1519265},
 publisher = {Kluwer Academic Publishers},
 address = {Hingham, MA, USA},
 keywords = {Compositionality, Local proofs, Local reasoning, Model checking}
}

@inproceedings{Torre:2009,
 author = {Torre, Salvatore and Madhusudan, P. and Parlato, Gennaro},
 title = {Reducing Context-Bounded Concurrent Reachability to Sequential Reachability},
 booktitle = {Proceedings of the 21st International Conference on Computer Aided Verification},
 series = {CAV '09},
 year = {2009},
 isbn = {978-3-642-02657-7},
 location = {Grenoble, France},
 pages = {477--492},
 numpages = {16},
 url = {http://dx.doi.org/10.1007/978-3-642-02658-4_36},
 doi = {10.1007/978-3-642-02658-4_36},
 acmid = {1575099},
 publisher = {Springer-Verlag},
 address = {Berlin, Heidelberg}
}

@inproceedings{Ghafari:2010,
 author = {Ghafari, Naghmeh and Hu, Alan J. and Rakamari\'{c}, Zvonimir},
 title = {Context-bounded Translations for Concurrent Software: An Empirical Evaluation},
 booktitle = {Proceedings of the 17th International SPIN Conference on Model Checking Software},
 series = {SPIN'10},
 year = {2010},
 isbn = {3-642-16163-4, 978-3-642-16163-6},
 location = {Enschede, The Netherlands},
 pages = {227--244},
 numpages = {18},
 url = {http://dl.acm.org/citation.cfm?id=1928137.1928160},
 acmid = {1928160},
 publisher = {Springer-Verlag},
 address = {Berlin, Heidelberg}
}

@inproceedings{Basler:2009,
 author = {Basler, G{\'e}rard and Mazzucchi, Michele and Wahl, Thomas and Kroening, Daniel},
 title = {Symbolic Counter Abstraction for Concurrent Software},
 booktitle = {Proceedings of the 21st International Conference on Computer Aided Verification},
 series = {CAV '09},
 year = {2009},
 isbn = {978-3-642-02657-7},
 location = {Grenoble, France},
 pages = {64--78},
 numpages = {15},
 url = {http://dx.doi.org/10.1007/978-3-642-02658-4_9},
 doi = {10.1007/978-3-642-02658-4_9},
 acmid = {1575072},
 publisher = {Springer-Verlag},
 address = {Berlin, Heidelberg}
}

@inproceedings{Inverso:2014,
 author = {Inverso, Omar and Tomasco, Ermenegildo and Fischer, Bernd and La Torre, Salvatore and Parlato, Gennaro},
 title = {Bounded Model Checking of Multi-threaded C Programs via Lazy Sequentialization},
 booktitle = {Proceedings of the 16th International Conference on Computer Aided Verification - Volume 8559},
 year = {2014},
 isbn = {978-3-319-08866-2},
 pages = {585--602},
 numpages = {18},
 url = {http://dx.doi.org/10.1007/978-3-319-08867-9_39},
 doi = {10.1007/978-3-319-08867-9_39},
 acmid = {2735100},
 publisher = {Springer-Verlag New York, Inc.},
 address = {New York, NY, USA}
}

@inproceedings{Tomasco:2015,
 author = {Tomasco, Ermenegildo and Inverso, Omar and Fischer, Bernd and Torre, Salvatore and Parlato, Gennaro},
 title = {Verifying Concurrent Programs by Memory Unwinding},
 booktitle = {Proceedings of the 21st International Conference on Tools and Algorithms for the Construction and Analysis of Systems - Volume 9035},
 year = {2015},
 isbn = {978-3-662-46680-3},
 pages = {551--565},
 numpages = {15},
 url = {https://doi.org/10.1007/978-3-662-46681-0_52},
 doi = {10.1007/978-3-662-46681-0_52},
 acmid = {2945576},
 publisher = {Springer-Verlag New York, Inc.},
 address = {New York, NY, USA}
} 

@inproceedings{Lahiri:2009,
 author = {Lahiri, Shuvendu K. and Qadeer, Shaz and Rakamari\'{c}, Zvonimir},
 title = {Static and Precise Detection of Concurrency Errors in Systems Code Using SMT Solvers},
 booktitle = {Proceedings of the 21st International Conference on Computer Aided Verification},
 series = {CAV '09},
 year = {2009},
 isbn = {978-3-642-02657-7},
 location = {Grenoble, France},
 pages = {509--524},
 numpages = {16},
 url = {http://dx.doi.org/10.1007/978-3-642-02658-4_38},
 doi = {10.1007/978-3-642-02658-4_38},
 acmid = {1575101},
 publisher = {Springer-Verlag},
 address = {Berlin, Heidelberg}
} 

@InProceedings{Gupta:2010,
author={Gupta, Ashutosh
and Popeea, Corneliu
and Rybalchenko, Andrey},
editor={Bouajjani, Ahmed
and Chin, Wei-Ngan},
title={Non-monotonic Refinement of Control Abstraction for Concurrent Programs},
booktitle={Automated Technology for Verification and Analysis},
year={2010},
publisher={Springer Berlin Heidelberg},
address={Berlin, Heidelberg},
pages={188--202},
isbn={978-3-642-15643-4}
}

@InProceedings{Threader:svcomp,
author={Popeea, Corneliu
and Rybalchenko, Andrey},
editor={Piterman, Nir
and Smolka, Scott A.},
title={Threader: A Verifier for Multi-threaded Programs},
booktitle={Tools and Algorithms for the Construction and Analysis of Systems},
year={2013},
publisher={Springer Berlin Heidelberg},
address={Berlin, Heidelberg},
pages={633--636},
isbn={978-3-642-36742-7}
}

@inproceedings{Gupta:2011:POPL,
 author = {Gupta, Ashutosh and Popeea, Corneliu and Rybalchenko, Andrey},
 title = {Predicate Abstraction and Refinement for Verifying Multi-threaded Programs},
 booktitle = {Proceedings of the 38th Annual ACM SIGPLAN-SIGACT Symposium on Principles of Programming Languages},
 series = {POPL '11},
 year = {2011},
 isbn = {978-1-4503-0490-0},
 location = {Austin, Texas, USA},
 pages = {331--344},
 numpages = {14},
 url = {http://doi.acm.org/10.1145/1926385.1926424},
 doi = {10.1145/1926385.1926424},
 acmid = {1926424},
 publisher = {ACM},
 address = {New York, NY, USA},
 keywords = {(transition) predicate abstraction, abstraction refinement, environment transitions, horn clauses., modular reasoning, multi-threaded programs, proof rule, safety}
} 

@article{Gupta:2011,
 author = {Gupta, Ashutosh and Popeea, Corneliu and Rybalchenko, Andrey},
 title = {Predicate Abstraction and Refinement for Verifying Multi-threaded Programs},
 journal = {SIGPLAN Not.},
 issue_date = {January 2011},
 volume = {46},
 number = {1},
 month = {jan},
 year = {2011},
 issn = {0362-1340},
 pages = {331--344},
 numpages = {14},
 url = {http://doi.acm.org/10.1145/1925844.1926424},
 doi = {10.1145/1925844.1926424},
 acmid = {1926424},
 publisher = {ACM},
 address = {New York, NY, USA},
 keywords = {(transition) predicate abstraction, abstraction refinement, environment transitions, horn clauses., modular reasoning, multi-threaded programs, proof rule, safety}
} 

@InProceedings{Threader:2011,
author={Gupta, Ashutosh
and Popeea, Corneliu
and Rybalchenko, Andrey},
editor={Gopalakrishnan, Ganesh
and Qadeer, Shaz},
title={Threader: A Constraint-Based Verifier for Multi-threaded Programs",
booktitle="Computer Aided Verification},
year={2011},
publisher={Springer Berlin Heidelberg},
address={Berlin, Heidelberg},
pages={412--417},
isbn={978-3-642-22110-1}
}

@inproceedings{Cordeiro:2011,
 author = {Cordeiro, Lucas and Fischer, Bernd},
 title = {Verifying Multi-threaded Software Using Smt-based Context-bounded Model Checking},
 booktitle = {Proceedings of the 33rd International Conference on Software Engineering},
 series = {ICSE '11},
 year = {2011},
 isbn = {978-1-4503-0445-0},
 location = {Waikiki, Honolulu, HI, USA},
 pages = {331--340},
 numpages = {10},
 url = {http://doi.acm.org/10.1145/1985793.1985839},
 doi = {10.1145/1985793.1985839},
 acmid = {1985839},
 publisher = {ACM},
 address = {New York, NY, USA},
 keywords = {formal software verification, multi-threaded systems, sat modulo theories, symbolic and explicit model checking}
} 

@article{Dourado:2016,
 author = {Dourado, George G.M. and Souza, Paulo S.L. and Prado, Rafael R. and Batista, Raphael N. and Souza, Simone R.S. and Estrella, Julio C. and Bruschi, Sarita M. and Lourenco, Joao},
 title = {A Suite of Java Message-passing Benchmarks to Support the Validation of Testing Models, Criteria and Tools},
 journal = {Procedia Comput. Sci.},
 issue_date = {June 2016},
 volume = {80},
 number = {C},
 month = {jun},
 year = {2016},
 issn = {1877-0509},
 pages = {2226--2230},
 numpages = {5},
 url = {https://doi.org/10.1016/j.procs.2016.05.387},
 doi = {10.1016/j.procs.2016.05.387},
 acmid = {3109296},
 publisher = {Elsevier Science Publishers B. V.},
 address = {Amsterdam, The Netherlands, The Netherlands},
 keywords = {Benchmark, Concurrent Programs, Criteria, Java, Message-Passing, Model, Test, Tools}
}

@inproceedings{Wesonga:2011,
 author = {Wesonga, Saint and Mercer, Eric G. and Rungta, Neha},
 title = {Guided Test Visualization: Making Sense of Errors in Concurrent Programs},
 booktitle = {Proceedings of the 2011 26th IEEE/ACM International Conference on Automated Software Engineering},
 series = {ASE '11},
 year = {2011},
 isbn = {978-1-4577-1638-6},
 pages = {624--627},
 numpages = {4},
 url = {http://dx.doi.org/10.1109/ASE.2011.6100141},
 doi = {10.1109/ASE.2011.6100141},
 acmid = {2190149},
 publisher = {IEEE Computer Society},
 address = {Washington, DC, USA}
} 

@inproceedings{Rungta:2009,
 author = {Rungta, Neha and Mercer, Eric G.},
 title = {Clash of the Titans: Tools and Techniques for Hunting Bugs in Concurrent Programs},
 booktitle = {Proceedings of the 7th Workshop on Parallel and Distributed Systems: Testing, Analysis, and Debugging},
 series = {PADTAD '09},
 year = {2009},
 isbn = {978-1-60558-655-7},
 location = {Chicago, Illinois},
 pages = {9:1--9:10},
 articleno = {9},
 numpages = {10},
 url = {http://doi.acm.org/10.1145/1639622.1639631},
 doi = {10.1145/1639622.1639631},
 acmid = {1639631},
 publisher = {ACM},
 address = {New York, NY, USA},
 keywords = {benchmarks, concurrent programs, empirical study, evaluation, testing and verification tools}
}

@misc{svcomp,
  title = {Competition on software verification},
  howpublished = "\url{https://sv-comp.sosy-lab.org/}",
  note = {Accessed: 2017-02-14}
}

@inproceedings{Corall,
 author = {Lal, Akash and Qadeer, Shaz and Lahiri, Shuvendu K.},
 title = {A Solver for Reachability Modulo Theories},
 booktitle = {Proceedings of the 24th International Conference on Computer Aided Verification},
 series = {CAV'12},
 year = {2012},
 isbn = {978-3-642-31423-0},
 location = {Berkeley, CA},
 pages = {427--443},
 numpages = {17},
 url = {http://dx.doi.org/10.1007/978-3-642-31424-7_32},
 doi = {10.1007/978-3-642-31424-7_32},
 acmid = {2362257},
 publisher = {Springer-Verlag},
 address = {Berlin, Heidelberg}
}

@inproceedings{ThreadModular03,
 author = {Flanagan, Cormac and Qadeer, Shaz},
 title = {Thread-modular Model Checking},
 booktitle = {Proceedings of the 10th International Conference on Model Checking Software},
 series = {SPIN'03},
 year = {2003},
 isbn = {3-540-40117-2},
 location = {Portland, OR, USA},
 pages = {213--224},
 numpages = {12},
 url = {http://dl.acm.org/citation.cfm?id=1767111.1767125},
 acmid = {1767125},
 publisher = {Springer-Verlag},
 address = {Berlin, Heidelberg}
} 

@Inbook{MuCSeq16,
author={Tomasco, Ermenegildo
and Nguyen, Truc L.
and Inverso, Omar
and Fischer, Bernd
and La Torre, Salvatore
and Parlato, Gennaro},
editor="Chechik, Marsha
and Raskin, Jean-Fran{\c{c}}ois",
title="{MU-CSeq} 0.4: Individual Memory Location Unwindings",
bookTitle="Tools and Algorithms for the Construction and Analysis of Systems: 22nd International Conference, TACAS 2016, Held as Part of the European Joint Conferences on Theory and Practice of Software, ETAPS 2016, Eindhoven, The Netherlands, April 2-8, 2016, Proceedings",
year="2016",
publisher="Springer Berlin Heidelberg",
address="Berlin, Heidelberg",
pages="938--941",
isbn="978-3-662-49674-9",
doi="10.1007/978-3-662-49674-9_65",
url="http://dx.doi.org/10.1007/978-3-662-49674-9_65"
}

@inproceedings{CPA-BAM16,
 author = {Friedberger, Karlheinz},
 title = {{CPA-BAM}: Block-Abstraction Memoization with Value Analysis and Predicate Analysis},
 booktitle = {Proceedings of the 22Nd International Conference on Tools and Algorithms for the Construction and Analysis of Systems - Volume 9636},
 year = {2016},
 isbn = {978-3-662-49673-2},
 pages = {912--915},
 numpages = {4},
 url = {http://dx.doi.org/10.1007/978-3-662-49674-9_58},
 doi = {10.1007/978-3-662-49674-9_58},
 acmid = {2945508},
 publisher = {Springer-Verlag New York, Inc.},
 address = {New York, NY, USA}
} 

@InProceedings{PredicateCPA10,
author = {Dirk Beyer and M.~Erkan Keremoglu and Philipp Wendler},
title = {Predicate Abstraction with Adjustable-Block Encoding},
booktitle = {Proceedings of the 10th International Conference on Formal Methods in Computer-Aided Design (FMCAD~2010, Lugano, October 20-23)},
publisher = {FMCAD},
pages = {189-197},
year = {2010},
isbn = {},
keyword = {Software Model Checking},
pdf = {http://www.sosy-lab.org/~dbeyer/Publications/2010-FMCAD.Predicate_Abstraction_with_Adjustable-Block_Encoding.pdf},
url = {http://www.sosy-lab.org/~dbeyer/cpa-abe/}
}

@inproceedings{Locksmith,
 author = {Pratikakis, Polyvios and Foster, Jeffrey S. and Hicks, Michael},
 title = {{LOCKSMITH}: Context-sensitive Correlation Analysis for Race Detection},
 booktitle = {Proceedings of the 27th ACM SIGPLAN Conference on Programming Language Design and Implementation},
 series = {PLDI '06},
 year = {2006},
 isbn = {1-59593-320-4},
 location = {Ottawa, Ontario, Canada},
 pages = {320--331},
 numpages = {12},
 url = {http://doi.acm.org/10.1145/1133981.1134019},
 doi = {10.1145/1133981.1134019},
 acmid = {1134019},
 publisher = {ACM},
 address = {New York, NY, USA},
 keywords = {context-sensitivity, correlation, locksmith, multi-threaded programming, race detection, type inference}
}

@inproceedings{Relay,
 author = {Voung, Jan Wen and Jhala, Ranjit and Lerner, Sorin},
 title = {{RELAY}: Static Race Detection on Millions of Lines of Code},
 booktitle = {Proceedings of the the 6th Joint Meeting of the European Software Engineering Conference and the ACM SIGSOFT Symposium on The Foundations of Software Engineering},
 series = {ESEC-FSE '07},
 year = {2007},
 isbn = {978-1-59593-811-4},
 location = {Dubrovnik, Croatia},
 pages = {205--214},
 numpages = {10},
 url = {http://doi.acm.org/10.1145/1287624.1287654},
 doi = {10.1145/1287624.1287654},
 acmid = {1287654},
 publisher = {ACM},
 address = {New York, NY, USA},
 keywords = {race detection, static analysis}
} 

@inproceedings{WHOOP,
 author = {Deligiannis, Pantazis and Donaldson, Alastair F. and Rakamaric, Zvonimir},
 title = {Fast and Precise Symbolic Analysis of Concurrency Bugs in Device Drivers (T)},
 booktitle = {Proceedings of the 2015 30th IEEE/ACM International Conference on Automated Software Engineering (ASE)},
 series = {ASE '15},
 year = {2015},
 isbn = {978-1-5090-0025-8},
 pages = {166--177},
 numpages = {12},
 url = {http://dx.doi.org/10.1109/ASE.2015.30},
 doi = {10.1109/ASE.2015.30},
 acmid = {2916234},
 publisher = {IEEE Computer Society},
 address = {Washington, DC, USA}
}

@article{Kroening2007,
 author = {Cook, Byron and Kroening, Daniel and Sharygina, Natasha},
 title = {Verification of Boolean Programs with Unbounded Thread Creation},
 journal = {Theor. Comput. Sci.},
 issue_date = {December, 2007},
 volume = {388},
 number = {1-3},
 month = {dec},
 year = {2007},
 issn = {0304-3975},
 pages = {227--242},
 numpages = {16},
 url = {http://dx.doi.org/10.1016/j.tcs.2007.07.050},
 doi = {10.1016/j.tcs.2007.07.050},
 acmid = {1316370},
 publisher = {Elsevier Science Publishers Ltd.},
 address = {Essex, UK},
 keywords = {68N30, 68Q55, 68Q60, Boolean programs, Model checking, Program verification, Reachability}
} 

@Inbook{TAR,
author="Henzinger, Thomas A.
and Jhala, Ranjit
and Majumdar, Rupak
and Qadeer, Shaz",
editor="Hunt, Warren A.
and Somenzi, Fabio",
title="Thread-Modular Abstraction Refinement",
bookTitle="Computer Aided Verification: 15th International Conference, CAV 2003, Boulder, CO, USA, July 8-12, 2003. Proceedings",
year="2003",
publisher="Springer Berlin Heidelberg",
address="Berlin, Heidelberg",
pages="262--274",
isbn="978-3-540-45069-6",
doi="10.1007/978-3-540-45069-6_27",
url="http://dx.doi.org/10.1007/978-3-540-45069-6_27"
}

@inproceedings{cbmc14,
 author = {Inverso, Omar and Tomasco, Ermenegildo and Fischer, Bernd and La Torre, Salvatore and Parlato, Gennaro},
 title = {Bounded Model Checking of Multi-threaded C Programs via Lazy Sequentialization},
 booktitle = {Proceedings of the 16th International Conference on Computer Aided Verification - Volume 8559},
 year = {2014},
 isbn = {978-3-319-08866-2},
 pages = {585--602},
 numpages = {18},
 url = {http://dx.doi.org/10.1007/978-3-319-08867-9_39},
 doi = {10.1007/978-3-319-08867-9_39},
 acmid = {2735100},
 publisher = {Springer-Verlag New York, Inc.},
 address = {New York, NY, USA}
} 

@inproceedings{CBMC13,
 author = {Alglave, Jade and Kroening, Daniel and Tautschnig, Michael},
 title = {Partial Orders for Efficient Bounded Model Checking of Concurrent Software},
 booktitle = {Proceedings of the 25th International Conference on Computer Aided Verification},
 series = {CAV'13},
 year = {2013},
 isbn = {978-3-642-39798-1},
 location = {Saint Petersburg, Russia},
 pages = {141--157},
 numpages = {17},
 url = {http://dx.doi.org/10.1007/978-3-642-39799-8_9},
 doi = {10.1007/978-3-642-39799-8_9},
 acmid = {2526873},
 publisher = {Springer-Verlag},
 address = {Berlin, Heidelberg}
}

@article{CraigInterpol,
  place={Cambridge, UK},
  title={Three uses of the Herbrand-Gentzen theorem in relating model theory and proof theory},
  volume={22},
  url={https://www.cambridge.org/core/article/three-uses-of-the-herbrand-gentzen-theorem-in-relating-model-theory-and-proof-theory/7674DE501824D8FC294FB396CD5617DB},
  DOI={10.2307/2963594},
  number={3},
  journal={Journal of Symbolic Logic},
  publisher={Cambridge University Press},
  author={Craig, William},
  year={1957},
  month={Sep},
  pages={269--285}
 }

@article{DEG15,
 author = {Zakharov, I. S. and Mutilin, V. S. and Khoroshilov, A. V.},
 title = {Pattern-based Environment Modeling for Static Verification of Linux Kernel Modules},
 journal = {Program. Comput. Softw.},
 issue_date = {May       2015},
 volume = {41},
 number = {3},
 month = {may},
 year = {2015},
 issn = {0361-7688},
 pages = {183--195},
 numpages = {13},
 url = {http://dx.doi.org/10.1134/S036176881503007X},
 doi = {10.1134/S036176881503007X},
 acmid = {2787335},
 publisher = {Plenum Press},
 address = {New York, NY, USA}
} 



@article{eraser97,
 author = {Savage, Stefan and Burrows, Michael and Nelson, Greg and Sobalvarro, Patrick and Anderson, Thomas},
 title = {Eraser: A Dynamic Data Race Detector for Multi-threaded Programs},
 journal = {SIGOPS Oper. Syst. Rev.},
 issue_date = {Dec. 1997},
 volume = {31},
 number = {5},
 month = {oct},
 year = {1997},
 issn = {0163-5980},
 pages = {27--37},
 numpages = {11},
 url = {http://doi.acm.org/10.1145/269005.266641},
 doi = {10.1145/269005.266641},
 acmid = {266641},
 publisher = {ACM},
 address = {New York, NY, USA}
} 

@inproceedings{threader11,
 author = {Gupta, Ashutosh and Popeea, Corneliu and Rybalchenko, Andrey},
 title = {Threader: A Constraint-based Verifier for Multi-threaded Programs},
 booktitle = {Proceedings of the 23rd International Conference on Computer Aided Verification},
 series = {CAV'11},
 year = {2011},
 isbn = {978-3-642-22109-5},
 location = {Snowbird, UT},
 pages = {412--417},
 numpages = {6},
 url = {http://dl.acm.org/citation.cfm?id=2032305.2032337},
 acmid = {2032337},
 publisher = {Springer-Verlag},
 address = {Berlin, Heidelberg}
} 

@inproceedings{cbmc11,
 author = {Cordeiro, Lucas and Fischer, Bernd},
 title = {Verifying Multi-threaded Software Using Smt-based Context-bounded Model Checking},
 booktitle = {Proceedings of the 33rd International Conference on Software Engineering},
 series = {ICSE '11},
 year = {2011},
 isbn = {978-1-4503-0445-0},
 location = {Waikiki, Honolulu, HI, USA},
 pages = {331--340},
 numpages = {10},
 url = {http://doi.acm.org/10.1145/1985793.1985839},
 doi = {10.1145/1985793.1985839},
 acmid = {1985839},
 publisher = {ACM},
 address = {New York, NY, USA},
 keywords = {formal software verification, multi-threaded systems, sat modulo theories, symbolic and explicit model checking}
} 

@misc{Safeware,
year={1995},
title={Safeware: System Safety and Computers},
author={Nancy Levenson},
language={English}
}

@article{LDV15,
year={2015},
issn={0361-7688},
journal={Programming and Computer Software},
volume={41},
number={1},
doi={10.1134/S0361768815010065},
title={Configurable toolset for static verification of operating systems kernel modules},
url={http://dx.doi.org/10.1134/S0361768815010065},
publisher={Pleiades Publishing},
keywords={operating system kernel; kernel module; software quality; static verification; contract specification; environment model; specification of rule for correct usage of API},
author={Zakharov, I.S. and Mandrykin, M.U. and Mutilin, V.S. and Novikov, E.M. and Petrenko, A.K. and Khoroshilov, A.V.},
pages={49-64},
language={English}
}

@InProceedings{ExplicitValue,
author = {Dirk Beyer and Stefan L{\"o}we},
title = {Explicit-State Software Model Checking Based on {CEGAR} and Interpolation},
booktitle = {Proceedings of the 16th International Conference on Fundamental Approaches to Software Engineering (FASE~2013, Rome, Italy, March 20-22)},
publisher = {Springer-Verlag, Heidelberg},
series = {LNCS~7793},
pages = {146-162},
year = {2013},
isbn = {978-3-642-37056-4},
keyword = {Software Model Checking},
pdf = {http://www.sosy-lab.org/~dbeyer/Publications/2013-FASE.Explicit-State_Software_Model_Checking_Based_on_CEGAR_and_Interpolation.pdf},
url = {},
abstract = {},
annote = {}
}

@article{CEGAR01,
	 language="russian",
	 AUTHOR={M.U. Mandrykin and V.S. Mutilin and A.V. Khoroshilov},
	 TITLE={Vvedenie v metod {CEGAR} -- utochnenie abstraktsii po kontrprimeram [{I}ntroduction to {CEGAR} -- {C}ounter-{E}xample {G}uided {A}bstraction {R}efinement]},
	 JOURNAL={Trudy ISP RAN [Proceedings of ISP RAS]},
	 PAGES="219--292",
	 volume={24},
	 address = {Moscow},
	 YEAR={2013},
	 doi={10.15514/ISPRAS-2013-24-12},
	 issn={2220-6426}
}

@article{LDV:arch,
	 language="russian",
	 AUTHOR={V.S. Mutilin and E.M. Novikov and A.V. Strakh and A.V. Khoroshilov and P.E. Shved},
	 TITLE="{L}inux {D}river {V}erification {A}rchitecture (in {R}ussian)",
	 JOURNAL="Proceedings of the Institute for System Programming of RAS",
	 PAGES="163-187",
	 volume="20",
	 address = {Moscow},
	 YEAR="2011",
	 issn={2220-6426}
}

@misc{Hartman13,
 author = {Greg Kroah-Hartman and Jonathan Corbet and Amanda McPherson},
 title = {Linux Kernel Development: How Fast it is Going, Who is Doing It, What They are Doing, and Who is Sponsoring It},
 year = {2013},
 publisher = {Linux Foundation},
 address = {San Francisco, CA, USA},
 howpublished = {http://www.linuxfoundation.org/publications/linux-foundation/who-writes-linux-2013}
}

@InProceedings{SVCOMP12:article,
year={2012},
isbn={978-3-642-28755-8},
booktitle={Tools and Algorithms for the Construction and Analysis of Systems},
volume={7214},
series={Lecture Notes in Computer Science},
doi={10.1007/978-3-642-28756-5_38},
title={Competition on Software Verification},
url={http://dx.doi.org/10.1007/978-3-642-28756-5_38},
publisher={Springer Berlin Heidelberg},
author={Beyer, Dirk},
pages={504-524},
language={English}
}

@InProceedings{SVCOMP15,
year={2015},
isbn={978-3-662-46680-3},
booktitle={Tools and Algorithms for the Construction and Analysis of Systems},
volume={9035},
series={Lecture Notes in Computer Science},
doi={10.1007/978-3-662-46681-0_31},
title={Software Verification and Verifiable Witnesses},
url={http://dx.doi.org/10.1007/978-3-662-46681-0_31},
publisher={Springer Berlin Heidelberg},
author={Beyer, Dirk},
pages={401-416},
language={English}
}

@InProceedings{Precision_reuse,
author = {Dirk Beyer and Stefan L{\"o}we and Evgeny Novikov and Andreas Stahlbauer and Philipp Wendler},
title = {Precision Reuse for Efficient Regression Verification},
booktitle = {Proceedings of the 9th Joint Meeting of the European Software Engineering Conference and the ACM SIGSOFT Symposium on Foundations of Software Engineering (ESEC/FSE 2013, St. Petersburg, Russia, August 18-26)},
publisher = {ACM},
pages = {389-399},
year = {2013},
isbn = {},
keyword = {Software Model Checking},
pdf = {http://www.sosy-lab.org/~dbeyer/Publications/2013-FSE.Precision_Reuse_for_Efficient_Regression_Verification.pdf},
url = {},
doi = {10.1145/2491411.2491429}
}

@InProceedings{Reuse,
author = {Dirk Beyer and Philipp Wendler},
title = {Reuse of Verification Results: Conditional Model Checking, Precision Reuse, and Verification Witnesses},
booktitle = {Proceedings of the 2013 International Symposium on Model Checking of Software (SPIN~2013, Stony Brook, NY, USA, July 8-9)},
publisher = {Springer-Verlag, Heidelberg},
series = {LNCS~7976},
pages = {1-17},
year = {2013},
isbn = {},
keyword = {Software Model Checking},
pdf = {http://www.sosy-lab.org/~dbeyer/Publications/2013-SPIN.Reuse_of_Verification_Results.pdf},
url = {http://sv-comp.sosy-lab.org/},
doi = {10.1007/978-3-642-39176-7_1}
}

@InProceedings{CMC,
author = {Dirk Beyer and Thomas A. Henzinger and M. Erkan Keremoglu and Philipp Wendler},
title = {Conditional Model Checking: {A} Technique to Pass Information between Verifiers},
booktitle = {Proceedings of the 20th ACM SIGSOFT International Symposium on the Foundations of Software Engineering (FSE~2012, Cary, NC, November 10-17)},
publisher = {ACM},
pages = {},
year = {2012},
isbn = {978-1-4503-1614-9},
keyword = {Software Model Checking},
pdf = {http://www.sosy-lab.org/~dbeyer/Publications/2012-FSE.Conditional_Model_Checking.pdf},
url = {}
}

@article{MEA01,
author={V. Mordan and E. Novikov},
title={Minimizing the number of static verifier traces to reduce time for finding bugs in {L}inux kernel modules},
journal={Proceedings of the Spring/Summer Young Researchers’ Colloquium on Software Engineering},
year={2014},
volume={8}
}

@article{commit_analysis_12,
	 AUTHOR= {V.S. Mutilin and E.M. Novikov and A.V. Khoroshilov},
	 TITLE={Analysis of typical faults in {L}inux operating system drivers (in {R}ussian)},
	 JOURNAL={Proceedings of the Institute for System Programming of RAS},
	 PAGES="349-374",
	 volume={22},
	 address = {Moscow},
	 YEAR={2012}
}

@inproceedings{Palix11,
 author = {Palix, Nicolas and Thomas, Ga\"{e}l and Saha, Suman and Calv\`{e}s, Christophe and Lawall, Julia and Muller, Gilles},
 title = {Faults in {L}inux: Ten Years Later},
 booktitle = {Proceedings of the 16th Int. Conference on Architectural Support for Programming Languages and Operating Systems},
 series = {ASPLOS XVI},
 year = {2011},
 isbn = {978-1-4503-0266-1},
 location = {Newport Beach, California, USA},
 pages = {305--318},
 numpages = {14},
 url = {http://doi.acm.org/10.1145/1950365.1950401},
 doi = {10.1145/1950365.1950401},
 acmid = {1950401},
 publisher = {ACM},
 keywords = {fault-finding tools, linux}
} 

% ГОСТ Р 7.0.11-2011, Приложение Б, Книги
@BOOK{Sychev,
  author = {Сычёв, М. С.},
  title = {История Астраханского казачьего войска : учебное пособие},
  address = {Астрахань},
  publisher = {Волга},
  year = {2009},
  numpages = {231},
  language = {russian}
}

% ГОСТ Р 7.0.11-2011, Приложение Б, Нормативные правовые акты
@BOOK{Constitution,
  title = {Конституция Российской Федерации : офиц. текст.},
  address = {М.},
  publisher = {Маркетинг},
  year = {2001},
  numpages = {39},
  language = {russian}
}

% ГОСТ Р 7.0.11-2011, Приложение Б, Стандарты
@BOOK{Gost.7.0.53,
  title = {ГОСТ Р 7.0.53-2007 Система стандартов по информации, библиотечному и издательскому делу. Издания. Международный стандартный книжный номер. Использование и издательское оформление.},
  address = {М.},
  publisher = {Стандартинформ},
  year = {2007},
  numpages = {5},
  language = {russian}
}

% ГОСТ Р 7.0.11-2011, Приложение Б, Депонированные научные работы
@BOOK{Razumovski,
  author = {Разумовский, В. А. and Андреев, Д. А.},
  title = {Управление маркетинговыми исследованиями в регионе},
  address = {М.},
  year = {2002},
  numpages = {210},
  note = {Деп. в ИНИОН Рос. акад. наук 15.02.02, № 139876},
  language = {russian}
}

% ГОСТ Р 7.0.11-2011, Приложение Б, Диссертации
@BOOK{Lagkueva,
  author = {Лагкуева, Ирина Владимировна},
  title = {Особенности регулирования труда творческих работников театров : дис. ... канд. юрид. наук : 12.00.05},
  address = {М.},
  year = {2009},
  numpages = {168},
  language = {russian}
}

% ГОСТ Р 7.0.11-2011, Приложение Б, Авторефераты диссертаций
@BOOK{Sirotko,
  author = {Сиротко, Владимир Викторович},
  title = {Медико-социальные аспекты городского травматизма в современных условиях : автореф. дис. ... канд. мед. наук : 14.00.33},
  address = {М.},
  year = {2006},
  numpages = {26},
  language = {russian}
}

% ГОСТ Р 7.0.11-2011, Приложение Б, Отчёты о научно-исследовательской работе
@BOOK{Methodology,
  author = {Загорюев, А. Л.},
  title = {Методология и методы изучения военно-профессиональной направленности подростков : отчёт о НИР},
  address = {Екатеринбург},
  institution = {Уральский институт практической психологии},
  year = {2008},
  numpages = {102},
  language = {russian}
}

% ГОСТ Р 7.0.11-2011, Приложение Б, Электронные ресурсы
@BOOK{Encyclopedia,
  title = {Художественная энциклопедия зарубежного классического искусства [Электронный ресурс]},
  address = {М.},
  publisher = {Большая Рос. энкцикл.},
  year = {1996},
  note = {1 электрон. опт. диск (CD-ROM)},
  language = {russian}
}

% ГОСТ Р 7.0.11-2011, Приложение Б, Статьи

@ARTICLE{Berestova,
  author = {Берестова, Т. Ф.},
  title = {Поисковые инструмены библиотеки},
  journal = {Библиография},
  year = {2006},
  number = {4},
  pages = {19},
  language = {russian}
}


% Examples from https://verbosus.com/bibtex-style-examples.html
@ARTICLE{Article,
  author   = {Peter Adams},
  title    = {The title of the work},
  journal  = {The name of the journal},
  year     = {1993},
  number   = {2},
  pages    = {201-213},
  month    = {7},
  note     = {An optional note},
  volume   = {4},
  language = {english}
}

@BOOK{Book,
  author    = {Peter Babington}, 
  title     = {The title of the work},
  publisher = {The name of the publisher},
  year      = {1993},
  volume    = {4},
  series    = {10},
  address   = {The address},
  edition   = {3},
  month     = {7},
  note      = {An optional note},
  isbn      = {3257227892},
  language  = {english}
}

@BOOKLET{Booklet,
  title        = {The title of the work},
  author       = {Peter Caxton}, 
  howpublished = {How it was published},
  address      = {The address of the publisher},
  month        = {7},
  year         = {1993},
  note         = {An optional note},
  language     = {english}
}

@CONFERENCE{Conference,
  author       = {Peter Draper}, 
  title        = {The title of the work},
  booktitle    = {The title of the book},
  year         = {1993},
  editor       = {The editor},
  volume       = {4},
  series       = {5},
  pages        = {213},
  address      = {The address of the publisher},
  month        = {7},
  organization = {The organization},
  publisher    = {The publisher},
  note         = {An optional note},
  language     = {english}
}

@INBOOK{Inbook,
  author       = {Peter Eston},
  title        = {The title of the work},
  booktitle    = {Book title},
  chapter      = {8},
  pages        = {201-213},
  publisher    = {The name of the publisher},
  year         = {1993},
  volume       = {4},
  series       = {5},
  address      = {The address of the publisher},
  edition      = {3},
  month        = {7},
  note         = {An optional note},
  language     = {english}
}

@INCOLLECTION{Incollection,
  author       = {Peter Farindon},
  title        = {The title of the work},
  booktitle    = {The title of the book},
  publisher    = {The name of the publisher},
  year         = {1993},
  editor       = {The editor},
  volume       = {4},
  series       = {5},
  chapter      = {8},
  pages        = {201-213},
  address      = {The address of the publisher},
  edition      = {3},
  month        = {7},
  note         = {An optional note},
  language     = {english}
}

@MANUAL{Manual,
  title        = {The title of the work},
  author       = {Peter Gainsford}, 
  organization = {The organization},
  address      = {The address of the publisher},
  edition      = {3},
  month        = {7},
  year         = {1993},
  note         = {An optional note},
  language     = {english}
}

@MASTERSTHESIS{Mastersthesis,
  author       = {Peter Harwood},
  title        = {The title of the work},
  school       = {The school where the thesis was written},
  year         = {1993},
  address      = {The address of the publisher},
  month        = {7},
  note         = {An optional note},
  language     = {english}
}

@MISC{Misc,
  author       = {Peter Isley},
  title        = {The title of the work},
  howpublished = {How it was published},
  month        = {7},
  year         = {1993},
  note         = {An optional note},
  language     = {english}
}

@PHDTHESIS{Phdthesis,
  author       = {Peter Joslin}, 
  title        = {The title of the work},
  school       = {The school where the thesis was written},
  year         = {1993},
  address      = {The address of the publisher},
  month        = {7},
  note         = {An optional note},
  language     = {english}
}

@PROCEEDINGS{Proceedings,
  title        = {The title of the work},
  year         = {1993},
  editor       = {Peter Kidwelly},
  volume       = {4},
  series       = {5},
  address      = {The address of the publisher},
  month        = {7},
  organization = {The organization},
  publisher    = {The name of the publisher},
  note         = {An optional note},
  language     = {english}
}

@TECHREPORT{Techreport,
  author       = {Peter Lambert},
  title        = {The title of the work},
  institution  = {The institution that published},
  year         = {1993},
  number       = {2},
  address      = {The address of the publisher},
  month        = {7},
  note         = {An optional note},
  language     = {english}
}

@UNPUBLISHED{Unpublished,
  author       = {Peter Marcheford}, 
  title        = {The title of the work},
  note         = {An optional note},
  month        = {7},
  year         = {1993},
  language     = {english}
}

%%% Реальные примеры

% Инициалы должны быть записаны после запятой, с точками, через пробел
% http://www.kit-e.ru/articles/elcomp/2006_12_124.php
% Подчёркивания в ссылке приходится экранировать
% http://www.kit-e.ru/articles/elcomp/2006\_12\_124.php
@online{medvedev2006jelektronnye,
  title={Электронные компоненты и монтажные подложки},
  author={Медведев, А. М.},
  journal={Компоненты и технологии},
  number={12},
  pages={124--134},
  year={2006},
  medium={Электронный ресурс},
  url = {http://www.kit-e.ru/articles/elcomp/2006\_12\_124.php},
  urldate = {19.01.2015},
  language = {russian}
}

% Real example
% & в названии журнала надо экранировать
% 10.1002/1521-4125(200007)23:7<581::AID-CEAT581>3.0.CO;2-P
% < > в ссылке приходится экранировать %3C и %3E, а потом ещё знаки процента в них экранировать
% 10.1002/1521-4125(200007)23:7%3C581::AID-CEAT581%3E3.0.CO;2-P
% 10.1002/1521-4125(200007)23:7\%3C581::AID-CEAT581\%3E3.0.CO;2-P
% url не нужен. если запись о бумажной публикации
@article {CEAT:CEAT581,
  author = {Deiters, U. K.},
  title = {A Modular Program System for the Calculation of Thermodynamic Properties of Fluids},
  journal = {Chemical Engineering \& Technology},
  volume = {23},
  number = {7},
  publisher = {WILEY-VCH Verlag},
  issn = {1521-4125},
  doi = {10.1002/1521-4125(200007)23:7<581::AID-CEAT581>3.0.CO;2-P},
  pages = {581--584},
  year = {2000},
  language = {english}
}

% Real with  4 authors
@article{doi:10.1080/01932691.2010.513279,
  author = { {\relax Y}oung-{\relax S}ang   Cho  and  {\relax Y}oung   {\relax K}uk   Kim  and  {\relax K}ook   {\relax C}hae   Chung  and  {\relax C}hul   {\relax J}in   Choi },
  title = {Deformation of Colloidal Crystals for Photonic Band Gap Tuning},
  journal = {Journal of Dispersion Science and Technology},
  volume = {32},
  number = {10},
  pages = {1408-1415},
  year = {2011},
  doi = {10.1080/01932691.2010.513279},
  language = {english}
}

% doi with (), author with umlaut or other unicode or specific symbols, 9 authors
% latex don't like Gösele1999161 in ref
% Умляуты в авторах понимаются из-за поддержки в юникодной странице pdflatex и xelatex
% Иллюстрация того, что будет. если на английской записи будут поставлена пометка, что язык русский
@article{Gosele1999161,
  title = "Wafer bonding for microsystems technologies ",
  journal = "Sensors and Actuators A: Physical ",
  volume = "74",
  number = "1–3",
  pages = "161 - 168",
  year = "1999",
  issn = "0924-4247",
  doi = "10.1016/S0924-4247(98)00310-0",
  author = "Gösele, U. and Tong, Q.-Y. and Schumacher, A. and Kräuter, G. and Reiche, M. and Plößl, A. and Kopperschmidt, P. and Lee, T.-H. and Kim, W.-J.",
  keywords = "Wafer bonding",
  keywords = "Fusion bonding",
  keywords = "Pressure sensors",
  keywords = "Interface reactions",
  keywords = "Hydrophilic bonding",
  keywords = "Hydrophobic bonding",
  language = {russian}
}

% Real example (from Google or Springer)
% unmodified styles don't know %language = {English}
% язык писать с маленьких
% иллюстрация incollection
% 10.1007/0-387-32989-7_45
% Подчёркивания в DOI приходится экранировать
% 10.1007/0-387-32989-7\_45
@incollection{Li2007StressAnalysis,
  year={2007},
  isbn={978-0-387-27974-9},
  booktitle={Micro- and Opto-Electronic Materials and Structures: Physics, Mechanics, Design, Reliability, Packaging},
  editor={Suhir, E. and Lee, Y. C. and Wong, C. P.},
  doi={10.1007/0-387-32989-7_45},
  title={Stress Analysis for Processed Silicon Wafers and Packaged Micro-devices},
  publisher={Springer US},
  author={Li, {\relax L}i and Guo, {\relax Y}ifan and Zheng, {\relax D}awei},
  pages={B677-B709},
  language={english}
}

% Real, β sign 
% inputenc don't know β sign %aluminosilicate-β-quartz
% Знаки типа β, которые не знает таблица кодировки, с которой работает компилятор нужно заменять на latex команды
% doi должен быть без http://dx.doi.org/
@article{Shoji199895,
title = "Low-temperature anodic bonding using lithium aluminosilicate-$\beta$-quartz glass ceramic",
journal = "Sensors and Actuators A: Physical",
volume = "64",
number = "1",
pages = "95 - 100",
year = "1998",
note = "Tenth {IEEE} International Workshop on Micro Electro Mechanical Systems ",
issn = "0924-4247",
doi = "10.1016/S0924-4247(97)01659-2",
author = {{\relax S}huichi Shoji and {\relax H}iroto Kikuchi and {\relax H}irotaka Torigoe},
keywords = "Anodic bonding",
keywords = "Low-temperature bonding",
keywords = "Micro assembly",
keywords = "Micro package",
keywords = "Glass ceramic",
}


% from urlbst package
% Example from Jason Eisner, by mail (nothing special about the entry,
% but he seemed to be having formatting problems with unsrturl and proceedings
% entries.
% http://cs.jhu.edu/~jason/papers/#icassp07
@InProceedings{test:eisner-sample,
  author =       {Damianos Karakos and Sanjeev Khudanpur and Jason
                  Eisner and Carey~E. Priebe},
  title =        {Iterative denoising using {J}ensen-{R}enyi
                  divergences with an application to unsupervised
                  document categorization},
  booktitle =    {Proceedings of ICASSP},
  year =         2007,
  url =          {http://cs.jhu.edu/~jason/papers/\#icassp07}
}

% Попытка записать патент имеющимися средствами
@Book{iofis_patent1960,
  title                    = {Способ пайки керамики с~керамикой и~стекла с~металлом : а.\,с.~126728 СССР},
  author                   = {Иофис, Н. А.},
  year                     = {1960},
  numpages                 = {Бюл. № 5.~1},
  language                 = {russian}
}

% Попытка записать патент имеющимися средствами
@Book{AB_patent_Pomerantz_1968,
  title                    = {Anodic bonding : patent no. 3397278 US},
  author                   = {Pomerantz, D. I.},
  year                     = {1968},
  language                 = {english}
}

